@inproceedings{FHS78,
  author       = {Steven Fortune and
                  John E. Hopcroft and
                  Erik Meineche Schmidt},
  title        = {The Complexity of Equivalence and Containment for Free Single Variable
                  Program Schemes},
  booktitle    = {Automata, Languages and Programming, Fifth Colloquium, Udine, Italy,
                  July 17-21, 1978, Proceedings},
  series       = {Lecture Notes in Computer Science},
  volume       = {62},
  pages        = {227--240},
  publisher    = {Springer},
  year         = {1978}
}


@article{BCW80,
  author       = {Manuel Blum and
                  Ashok K. Chandra and
                  Mark N. Wegman},
  title        = {Equivalence of Free Boolean Graphs can be Decided Probabilistically
                  in Polynomial Time},
  journal      = {Inf. Process. Lett.},
  volume       = {10},
  number       = {2},
  pages        = {80--82},
  year         = {1980}
}


@article{L59,
  title={Representation of switching circuits by binary-decision programs},
  author={Lee, Chang-Yeong},
  journal={The Bell System Technical Journal},
  volume={38},
  number={4},
  pages={985--999},
  year={1959}
}


@article{B86,
  author       = {Randal E. Bryant},
  title        = {Graph-Based Algorithms for Boolean Function Manipulation},
  journal      = {{IEEE} Trans. Computers},
  volume       = {35},
  number       = {8},
  pages        = {677--691},
  year         = {1986}
}


@article{W04,
  author       = {Ingo Wegener},
  title        = {BDDs--design, analysis, complexity, and applications},
  journal      = {Discret. Appl. Math.},
  volume       = {138},
  number       = {1-2},
  pages        = {229--251},
  year         = {2004}
}


@article{ACMS20,
  author       = {Antoine Amarilli and
                  Florent Capelli and
                  Mika{\"{e}}l Monet and
                  Pierre Senellart},
  title        = {{Connecting Knowledge Compilation Classes and Width Parameters}},
  journal      = {Theory Comput. Syst.},
  volume       = {64},
  number       = {5},
  pages        = {861--914},
  year         = {2020}
}

@inproceedings{amarilli2017circuit,
  author = {Antoine Amarilli and Pierre Bourhis and Louis Jachiet and Stefan Mengel},
  title = {\href{https://arxiv.org/abs/1702.05589}
    {A Circuit-Based Approach to Efficient Enumeration}},
  year = {2017},
  booktitle = {\mbox{\href{http://icalp17.mimuw.edu.pl/}{ICALP}}},
  doi = {10.4230/LIPIcs.ICALP.2017.111},
  keywords = {TYPEconference,formal,international,peer,published},
}


@inproceedings{BW97,
  author       = {Beate Bollig and
                  Ingo Wegener},
  title        = {Complexity Theoretical Results on Partitioned (Nondeterministic) Binary
                  Decision Diagrams},
  booktitle    = {Mathematical Foundations of Computer Science 1997, 22nd International
                  Symposium, MFCS'97, Bratislava, Slovakia, August 25-29, 1997, Proceedings},
  series       = {Lecture Notes in Computer Science},
  volume       = {1295},
  pages        = {159--168},
  publisher    = {Springer},
  year         = {1997}
}



@inproceedings{amarilli2015provenance,
  author = {Antoine Amarilli and Pierre Bourhis and Pierre Senellart},
  title = {\href{https://arxiv.org/abs/1511.08723}
    {Provenance Circuits for Trees and Treelike Instances}},
  year = {2015},
  booktitle = {\mbox{\href{http://www.kurims.kyoto-u.ac.jp/icalp2015/}{ICALP}}},
  doi = {10.1007/978-3-662-47666-6_5},
  keywords = {TYPEconference,formal,international,peer,published},
}


