@article{darwiche2002knowledge,
  title={\href{https://www.jair.org/index.php/jair/article/download/10311/24622}{A knowledge compilation map}},
  author={Darwiche, Adnan and Marquis, Pierre},
  journal={Journal of Artificial Intelligence Research},
  volume={17},
  pages={229--264},
  year={2002}
}

@inproceedings{bova2016knowledge,
  title={\href{https://www.ijcai.org/Proceedings/16/Papers/147.pdf}{Knowledge Compilation Meets Communication Complexity.}},
  author={Bova, Simone and Capelli, Florent and Mengel, Stefan and Slivovsky, Friedrich},
  booktitle={IJCAI},
  volume={16},
  pages={1008--1014},
  year={2016}
}


@article{raskin2017superpolynomial,
  title={\href{https://arxiv.org/abs/1711.03993}{A superpolynomial lower bound for the size of non-deterministic complement of an unambiguous automaton}},
  author={Raskin, Michael},
  journal={arXiv preprint arXiv:1711.03993},
  year={2017}
}

@article{amarilli2018connecting,
  author    = {Antoine Amarilli and
               Florent Capelli and
               Mika{\"{e}}l Monet and
               Pierre Senellart},
  title     = {\href{https://arxiv.org/abs/1811.02944}{Connecting knowledge compilation classes and width parameters}},
  journal   = {Theory Comput. Syst.},
  volume    = {64},
  number    = {5},
  pages     = {861--914},
  year      = {2020}
}


@inproceedings{colcombet2015unambiguity,
  title={\href{https://www.irif.fr/~colcombe/Publications/DCFS15-colcombet.pdf}{Unambiguity in automata theory}},
  author={Colcombet, Thomas},
  booktitle={International Workshop on Descriptional Complexity of Formal Systems},
  pages={3--18},
  year={2015},
  organization={Springer}
}

@phdthesis{capelli2016structural,
  title={\href{http://florent.capelli.me/publi/these_capelli.pdf}{Structural restrictions of CNF-formulas: applications to model counting and knowledge compilation}},
  author={Capelli, Florent},
  year={2016},
  school={PhD thesis, Universit{\'e} Paris Diderot}
}

